
@article{Thompson:2021,
    doi = {10.1371/journal.pone.0261330},
    author = {Thompson, James AND Wattam, Stephen},
    journal = {PLOS ONE},
    publisher = {Public Library of Science},
    title = {Estimating the impact of interventions against COVID-19: From lockdown to vaccination},
    year = {2021},
    month = {12},
    volume = {16},
    url = {https://doi.org/10.1371/journal.pone.0261330},
    pages = {1-51},
    number = {12},

}

@misc{ABMlux,
  author = {J. Thompson and S. Wattam},
  title = {ABMlux},
  year = {2020},
  publisher = {GitHub},
  journal = {GitHub repository},
  url = {https://github.com/abm-covid-lux/abmlux}
}